https://www.javatpoint.com/static-keyword-in-java

@misc{javaCheetsheet,
title={Java Programming Cheatsheet},
howpublished={\url{https://introcs.cs.princeton.edu/java/11cheatsheet/}},
note = {Online; accessed: 2019-6-2}
}


@misc{compile,
title={Compiling Techniques},
howpublished={\url{http://www.cs.princeton.edu/courses/archive/spring19/cos320/lectures/lecture4.pdf}},
note = {Online; accessed: 2019-6-2}
}




@misc{swift,
title={Swift},
howpublished={\url{https://developer.apple.com/swift/}},
note = {Online; accessed: 2019-6-2}
}

@misc{swiftCompile,
title={Scripting and Compiling Swift on the Command Line},
howpublished={\url{https://jblevins.org/log/swift}},
note = {Online; accessed: 2019-6-2}
}


@misc{abstractClass,
author={oracle},
title={Abstract Methods and Classes},
howpublished={\url{https://docs.oracle.com/javase/tutorial/java/IandI/abstract.html}},
note = {Online; accessed: 2019-6-2}
}


@misc{javaIO,
author={oracle},
title={Lesson: Basic I/O},
howpublished={\url{https://docs.oracle.com/javase/tutorial/essential/io/}},
note = {Online; accessed: 2019-6-2}
}


@misc{javaIntro,
author={Josh},
title={Introductory Java},
howpublished={\url{https://cs.anu.edu.au/courses/comp1110/lectures/pdf/J02.pdf}},
note = {Online; accessed: 2019-6-2}
}


@misc{object,
author={Oracle},
title={What Is an Object?},
howpublished={\url{https://docs.oracle.com/javase/tutorial/java/concepts/object.html}},
note = {Online; accessed: 2019-6-2}
}


@misc{javaParameter,
author={Mark Sheldon},
year=2018,
title={What is the difference between arguments and parameters in Java?},
howpublished={\url{https://www.quora.com/What-is-the-difference-between-arguments-and-parameters-in-Java}},
note = {Online; accessed: 2019-6-2}
}


@misc{html5,
author={W3Schools},
title={HTML Plug-ins},
howpublished={\url{https://www.w3schools.com/html/html_object.asp}},
note = {Online; accessed: 2019-6-2}
}





@misc{thread,
author={Josh Milthorpe},
title={Java Thread},
howpublished={\url{https://cs.anu.edu.au/courses/comp1110/lectures/pdf/J16.pdf}},
note = {Online; accessed: 2019-6-2}
}



@misc{javaEnum,
author={w3schools},
title={Java Enums},
howpublished={\url{https://www.w3schools.com/java/java_enums.asp}},
note = {Online; accessed: 2019-6-2}
}




@misc{javaAnnotation,
author={Wikipedia},
title={Java annotation},
howpublished={\url{https://en.wikipedia.org/wiki/Java_annotation}},
note = {Online; accessed: 2019-6-2}
}

